<?xml version="1.0" encoding="UTF-8"?><collection xmlns="http://www.loc.gov/MARC21/slim"><record><leader>00437nam--2200121-i-4500</leader><controlfield tag="001">000041696</controlfield><controlfield tag="002">20161230</controlfield><controlfield tag="005">20161230201043</controlfield><controlfield tag="008">060222s1000------------r-----000-0-eng-d</controlfield><datafield ind1=" " ind2=" " tag="080"><subfield code="a">621.3</subfield></datafield><datafield ind1=" " ind2=" " tag="245"><subfield code="a">Simpozionul de analiza si sinteza retetelor electrice, organizat de acad.rsr prin inst.de energetica.comunicari vol.1-5 + rezumatele comunicarilor. bucuresti, oct.1967</subfield></datafield><datafield ind1=" " ind2=" " tag="260"><subfield code="a">Bucuresti, Inst.De Energetica, 1967. /P.Dif</subfield></datafield><datafield ind1=" " ind2=" " tag="852"><subfield code="a">28156</subfield></datafield></record></collection>